@misc{IEEE1619-2018,
  title={{IEEE 1619-2018 -- Standard for Cryptographic Protection of Data on Block-Oriented Storage Devices}},
  author={IEEE},
  year={2018},
}

@misc{IEEE1619-2025,
  title={{IEEE 1619-2025 - Standard for Cryptographic Protection of Data on Block-Oriented Storage Devices}},
  author={IEEE},
  year={2025},
}

@misc{eme-ieee,
  author={IEEE},
  title={{IEEE 1619.2-2021 Standard for Wide-Block Encryption for Shared Storage Media}},
  year={2021},
}

@techreport{nistxts,
  title={{SP 800-38E. Recommendation for Block Cipher Modes of Operation: The XTS-AES Mode for Confidentiality on Storage Devices}},
  author={Dworkin, Morris J.},
  year={2010},
  institution={National Institute of Standards \& Technology},
  address={Gaithersburg, MD, United States},
  note={Available at \url{https://csrc.nist.gov/pubs/sp/800/38/e/final}}
}

@inproceedings{rogaway2004efficient,
  title={{Efficient instantiations of tweakable blockciphers and refinements to modes OCB and PMAC}},
  author={Rogaway, Phillip},
  booktitle={International Conference on the Theory and Application of Cryptology and Information Security},
  pages={16--31},
  year={2004},
  organization={Springer}
}

@article{liskov2008comments,
  title={{Comments on XTS-AES}},
  author={Liskov, Moses and Minematsu, Kazuhiko},
  journal={Comments to NIST, available from their web page},
  year={2008},
  note={Available at \url{https://csrc.nist.gov/groups/ST/toolkit/BCM/documents/comments/XTS/XTS_comments-Liskov_Minematsu.pdf}}
}

@article{ball2012xts,
  title={{The XTS-AES disk encryption algorithm and the security of ciphertext stealing}},
  author={Ball, Matthew V and Guyot, Cyril and Hughes, James P and Martin, Luther and Noll, Landon Curt},
  journal={Cryptologia},
  volume={36},
  number={1},
  pages={70--79},
  year={2012},
  publisher={Taylor \& Francis}
}

@inproceedings{minematsu2006improved,
  title={{Improved security analysis of XEX and LRW modes}},
  author={Minematsu, Kazuhiko},
  booktitle={International Workshop on Selected Areas in Cryptography},
  pages={96--113},
  year={2006},
  organization={Springer}
}

@misc{fips-140-3,
  title={{Implementation Guidance for FIPS 140-3 and the Cryptographic Module Validation Program}},
  author={NIST},
  year={2024},
  note={Available at \url{https://csrc.nist.gov/csrc/media/Projects/cryptographic-module-validation-program/documents/fips%20140-3/FIPS%20140-3%20IG.pdf}}
}

@misc{rogaway2011evaluation,
  title={Evaluation of some blockcipher modes of operation},
  author={Rogaway, Phillip},
  year={2011},
  note={Available at \url{https://www.cs.ucdavis.edu/~rogaway/papers/modes-cryptrec.pdf}}
}

@misc{ptacek2014xts,
  title={{You Don't Want XTS}},
  author={Ptacek, Thomas and Ptacek, Erin},
  year={2014},
  note={Available at \url{https://sockpuppet.org/blog/2014/04/30/you-dont-want-xts/}}
}

@misc{tcgopal,
  author={Trusted Computing Group},
  title={{Storage Security Subsystem Class: Opal}},
  year={2025},
  note={Available at \url{https://trustedcomputinggroup.org/resource/storage-work-group-storage-security-subsystem-class-opal/}},
}

@misc{nistwideaes,
  author={NIST},
  title={{PRE-DRAFT Call for Comments: NIST Proposes to Standardize a Wider Variant of AES}},
  year={2024},
  note={Available at \url{https://csrc.nist.gov/pubs/sp/800/197/iprd}},
}

@article{gunsing2019deck,
  title={Deck-based wide block cipher modes and an exposition of the blinded keyed hashing model},
  author={Gunsing, Aldo and Daemen, Joan and Mennink, Bart},
  journal={IACR Transactions on Symmetric Cryptology},
  pages={1--22},
  year={2019}
}

@inproceedings{dobraunig2025efficient,
  title={{Efficient instances of docked double decker with AES, and application to authenticated encryption}},
  author={Dobraunig, Christoph and Matusiewicz, Krystian and Mennink, Bart and Tereschenko, Alexander},
  booktitle={Annual International Conference on the Theory and Applications of Cryptographic Techniques},
  pages={62--92},
  year={2025},
  organization={Springer}
}

@article{crowley2018adiantum,
  title={{Adiantum: length-preserving encryption for entry-level processors}},
  author={Crowley, Paul and Biggers, Eric},
  journal={IACR Transactions on Symmetric Cryptology},
  pages={39--61},
  year={2018}
}

@misc{crowley2021hctr2,
 author = {Paul Crowley and Nathan Huckleberry and Eric Biggers},
 title = {{Length-preserving encryption with HCTR2}},
 howpublished = {Cryptology {ePrint} Archive, Paper 2021/1441},
 year = {2021},
 note = {\url{https://eprint.iacr.org/2021/1441}}
}

@misc{bitlocker,
  author={Microsoft},
  title={{BitLocker overview}},
  year={2025},
  note={\url{https://learn.microsoft.com/en-us/windows/security/operating-system-security/data-protection/bitlocker/}},
}

@misc{veracrypt,
  author={VeraCrypt authors},
  title={{VeraCrypt disk encryption}},
  year={2025},
  note={\url{https://veracrypt.io}},
}

@misc{cryptsetup,
  author={Cryptsetup authors},
  title={{Cryptsetup project}},
  year={2025},
  note={\url{https://gitlab.com/cryptsetup/cryptsetup}},
}
